@article{lagoudakis2003least,
  title={Least-squares policy iteration},
  author={Lagoudakis, Michail G and Parr, Ronald},
  journal={The Journal of Machine Learning Research},
  volume={4},
  pages={1107--1149},
  year={2003},
  publisher={JMLR. org}
}

@article{lapeyre2021neural,
  title={Neural network regression for Bermudan option pricing},
  author={Lapeyre, Bernard and Lelong, J{\'e}r{\^o}me},
  journal={Monte Carlo Methods and Applications},
  volume={27},
  number={3},
  pages={227--247},
  year={2021},
  publisher={De Gruyter}
}

@article{becker2020pricing,
  title={Pricing and hedging American-style options with deep learning},
  author={Becker, Sebastian and Cheridito, Patrick and Jentzen, Arnulf},
  journal={Journal of Risk and Financial Management},
  volume={13},
  number={7},
  pages={158},
  year={2020},
  publisher={Multidisciplinary Digital Publishing Institute}
}

@article{becker2019deep,
  title={Deep optimal stopping},
  author={Becker, Sebastian and Cheridito, Patrick and Jentzen, Arnulf},
  journal={Journal of Machine Learning Research},
  volume={20},
  pages={74},
  year={2019},
  publisher={MIT Press}
}

@article{kohler2010pricing,
  title={Pricing of High-Dimensional American Options by Neural Networks},
  author={Kohler, Michael and Krzy{\.z}ak, Adam and Todorovic, Nebojsa},
  journal={Mathematical Finance: An International Journal of Mathematics, Statistics and Financial Economics},
  volume={20},
  number={3},
  pages={383--410},
  year={2010},
  publisher={Wiley Online Library}
}

@book{peskir2006optimal,
  title={Optimal stopping and free-boundary problems},
  author={Peskir, Goran and Shiryaev, Albert},
  year={2006},
  publisher={Springer}
}

@article{bayer2021pricing,
  title={Pricing high-dimensional Bermudan options with hierarchical tensor formats},
  author={Bayer, Christian and Eigel, Martin and Sallandt, Leon and Trunschke, Philipp},
  journal={arXiv preprint arXiv:2103.01934},
  year={2021}
}

@article{carriere1996valuation,
  title={Valuation of the early-exercise price for options using simulations and nonparametric regression},
  author={Carriere, Jacques F},
  journal={Insurance: mathematics and Economics},
  volume={19},
  number={1},
  pages={19--30},
  year={1996},
  publisher={Elsevier}
}



@article{ery2021solving,
  title={Solving optimal stopping problems with Deep Q-Learning},
  author={Ery, John and Michel, Loris},
  journal={arXiv preprint arXiv:2101.09682},
  year={2021}
}

@article{moerland2020model,
  title={Model-based reinforcement learning: A survey},
  author={Moerland, Thomas M and Broekens, Joost and Jonker, Catholijn M},
  journal={arXiv preprint arXiv:2006.16712},
  year={2020}
}

@inproceedings{raghu2017continuous,
  title={Continuous state-space models for optimal sepsis treatment: a deep reinforcement learning approach},
  author={Raghu, Aniruddh and Komorowski, Matthieu and Celi, Leo Anthony and Szolovits, Peter and Ghassemi, Marzyeh},
  booktitle={Machine Learning for Healthcare Conference},
  pages={147--163},
  year={2017},
  organization={PMLR}
}

@article{namkoong2020off,
  title={Off-policy policy evaluation for sequential decisions under unobserved confounding},
  author={Namkoong, Hongseok and Keramati, Ramtin and Yadlowsky, Steve and Brunskill, Emma},
  journal={Advances in Neural Information Processing Systems},
  volume={33},
  pages={18819--18831},
  year={2020}
}

@article{pearl2000models,
  title={Models, reasoning and inference},
  author={Pearl, Judea and others},
  journal={Cambridge, UK: CambridgeUniversityPress},
  volume={19},
  pages={2},
  year={2000}
}

@inproceedings{lu2020regret,
  title={Regret analysis of bandit problems with causal background knowledge},
  author={Lu, Yangyi and Meisami, Amirhossein and Tewari, Ambuj and Yan, William},
  booktitle={Conference on Uncertainty in Artificial Intelligence},
  pages={141--150},
  year={2020},
  organization={PMLR}
}

@inproceedings{nair2021budgeted,
  title={Budgeted and non-budgeted causal bandits},
  author={Nair, Vineet and Patil, Vishakha and Sinha, Gaurav},
  booktitle={International Conference on Artificial Intelligence and Statistics},
  pages={2017--2025},
  year={2021},
  organization={PMLR}
}

@article{foundationsRL,
  title={Foundations of Reinforcement Learning with Applications in Finance},
  author={Rao, Ashwin and Jelvis, Tikhon},
  year={ }
}

@article{bellman1966dynamic,
  title={Dynamic programming},
  author={Bellman, Richard},
  journal={Science},
  volume={153},
  number={3731},
  pages={34--37},
  year={1966},
  publisher={American Association for the Advancement of Science}
}

@inproceedings{haarnoja2018soft,
  title={Soft actor-critic: Off-policy maximum entropy deep reinforcement learning with a stochastic actor},
  author={Haarnoja, Tuomas and Zhou, Aurick and Abbeel, Pieter and Levine, Sergey},
  booktitle={International conference on machine learning},
  pages={1861--1870},
  year={2018},
  organization={PMLR}
}

@inproceedings{haarnoja2017reinforcement,
  title={Reinforcement learning with deep energy-based policies},
  author={Haarnoja, Tuomas and Tang, Haoran and Abbeel, Pieter and Levine, Sergey},
  booktitle={International Conference on Machine Learning},
  pages={1352--1361},
  year={2017},
  organization={PMLR}
}

@inproceedings{mnih2016asynchronous,
  title={Asynchronous methods for deep reinforcement learning},
  author={Mnih, Volodymyr and Badia, Adria Puigdomenech and Mirza, Mehdi and Graves, Alex and Lillicrap, Timothy and Harley, Tim and Silver, David and Kavukcuoglu, Koray},
  booktitle={International conference on machine learning},
  pages={1928--1937},
  year={2016},
  organization={PMLR}
}

@article{schulman2017proximal,
  title={Proximal policy optimization algorithms},
  author={Schulman, John and Wolski, Filip and Dhariwal, Prafulla and Radford, Alec and Klimov, Oleg},
  journal={arXiv preprint arXiv:1707.06347},
  year={2017}
}

@article{lillicrap2015continuous,
  title={Continuous control with deep reinforcement learning},
  author={Lillicrap, Timothy P and Hunt, Jonathan J and Pritzel, Alexander and Heess, Nicolas and Erez, Tom and Tassa, Yuval and Silver, David and Wierstra, Daan},
  journal={arXiv preprint arXiv:1509.02971},
  year={2015}
}

@article{lu2020sample,
  title={Sample-efficient reinforcement learning via counterfactual-based data augmentation},
  author={Lu, Chaochao and Huang, Biwei and Wang, Ke and Hern{\'a}ndez-Lobato, Jos{\'e} Miguel and Zhang, Kun and Sch{\"o}lkopf, Bernhard},
  journal={arXiv preprint arXiv:2012.09092},
  year={2020}
}

@inproceedings{lu2021efficient,
  title={Efficient Reinforcement Learning with Prior Causal Knowledge},
  author={Lu, Yangyi and Meisami, Amirhossein and Tewari, Ambuj},
  booktitle={First Conference on Causal Learning and Reasoning},
  year={2021}
}

@article{wang2021provably,
  title={Provably efficient causal reinforcement learning with confounded observational data},
  author={Wang, Lingxiao and Yang, Zhuoran and Wang, Zhaoran},
  journal={Advances in Neural Information Processing Systems},
  volume={34},
  year={2021}
}

@inproceedings{zhang2020designing,
  title={Designing optimal dynamic treatment regimes: A causal reinforcement learning approach},
  author={Zhang, Junzhe},
  booktitle={International Conference on Machine Learning},
  pages={11012--11022},
  year={2020},
  organization={PMLR}
}

@article{yu2019incorporating,
  title={Incorporating causal factors into reinforcement learning for dynamic treatment regimes in HIV},
  author={Yu, Chao and Dong, Yinzhao and Liu, Jiming and Ren, Guoqi},
  journal={BMC medical informatics and decision making},
  volume={19},
  number={2},
  pages={19--29},
  year={2019},
  publisher={BioMed Central}
}

@inproceedings{shang2019environment,
  title={Environment reconstruction with hidden confounders for reinforcement learning based recommendation},
  author={Shang, Wenjie and Yu, Yang and Li, Qingyang and Qin, Zhiwei and Meng, Yiping and Ye, Jieping},
  booktitle={Proceedings of the 25th ACM SIGKDD International Conference on Knowledge Discovery \& Data Mining},
  pages={566--576},
  year={2019}
}

@article{menick2018generating,
  title={Generating high fidelity images with subscale pixel networks and multidimensional upscaling},
  author={Menick, Jacob and Kalchbrenner, Nal},
  journal={arXiv preprint arXiv:1812.01608},
  year={2018}
}

@inproceedings{jin2020provably,
  title={Provably efficient reinforcement learning with linear function approximation},
  author={Jin, Chi and Yang, Zhuoran and Wang, Zhaoran and Jordan, Michael I},
  booktitle={Conference on Learning Theory},
  pages={2137--2143},
  year={2020},
  organization={PMLR}
}

@article{louizos2017causal,
  title={Causal effect inference with deep latent-variable models},
  author={Louizos, Christos and Shalit, Uri and Mooij, Joris M and Sontag, David and Zemel, Richard and Welling, Max},
  journal={Advances in neural information processing systems},
  volume={30},
  year={2017}
}

@article{lu2018deconfounding,
  title={Deconfounding reinforcement learning in observational settings},
  author={Lu, Chaochao and Sch{\"o}lkopf, Bernhard and Hern{\'a}ndez-Lobato, Jos{\'e} Miguel},
  journal={arXiv preprint arXiv:1812.10576},
  year={2018}
}

@inproceedings{liley2021model,
  title={Model updating after interventions paradoxically introduces bias},
  author={Liley, James and Emerson, Samuel and Mateen, Bilal and Vallejos, Catalina and Aslett, Louis and Vollmer, Sebastian},
  booktitle={International Conference on Artificial Intelligence and Statistics},
  pages={3916--3924},
  year={2021},
  organization={PMLR}
}

@article{charlesworth2020plangan,
  title={Plangan: Model-based planning with sparse rewards and multiple goals},
  author={Charlesworth, Henry and Montana, Giovanni},
  journal={Advances in Neural Information Processing Systems},
  volume={33},
  pages={8532--8542},
  year={2020}
}

@article{azizzadenesheli2018sample,
  title={Sample-efficient deep RL with generative adversarial tree search},
  author={Azizzadenesheli, Kamyar and Yang, Brandon and Liu, Weitang and Brunskill, Emma and Lipton, Zachary C and Anandkumar, Animashree},
  journal={arXiv preprint arXiv:1806.05780},
  pages={25},
  year={2018}
}

@inproceedings{nagabandi2020deep,
  title={Deep dynamics models for learning dexterous manipulation},
  author={Nagabandi, Anusha and Konolige, Kurt and Levine, Sergey and Kumar, Vikash},
  booktitle={Conference on Robot Learning},
  pages={1101--1112},
  year={2020},
  organization={PMLR}
}

@article{pfau2016connecting,
  title={Connecting generative adversarial networks and actor-critic methods},
  author={Pfau, David and Vinyals, Oriol},
  journal={arXiv preprint arXiv:1610.01945},
  year={2016}
}

@article{dargazany2020model,
  title={Model-based actor-critic: GAN (model generator)+ DRL (actor-critic)=> AGI},
  author={Dargazany, Aras},
  journal={arXiv preprint arXiv:2004.04574},
  year={2020}
}

@article{doan2018gan,
  title={Gan q-learning},
  author={Doan, Thang and Mazoure, Bogdan and Lyle, Clare},
  journal={arXiv preprint arXiv:1805.04874},
  year={2018}
}

@inproceedings{doerr2017model,
  title={Model-based policy search for automatic tuning of multivariate PID controllers},
  author={Doerr, Andreas and Nguyen-Tuong, Duy and Marco, Alonso and Schaal, Stefan and Trimpe, Sebastian},
  booktitle={2017 IEEE International Conference on Robotics and Automation (ICRA)},
  pages={5295--5301},
  year={2017},
  organization={IEEE}
}

@article{ko2009gp,
  title={GP-BayesFilters: Bayesian filtering using Gaussian process prediction and observation models},
  author={Ko, Jonathan and Fox, Dieter},
  journal={Autonomous Robots},
  volume={27},
  number={1},
  pages={75--90},
  year={2009},
  publisher={Springer}
}

@inproceedings{lenz2015deepmpc,
  title={DeepMPC: Learning deep latent features for model predictive control.},
  author={Lenz, Ian and Knepper, Ross A and Saxena, Ashutosh},
  booktitle={Robotics: Science and Systems},
  volume={10},
  year={2015},
  organization={Rome, Italy}
}

@article{haugh2004pricing,
  title={Pricing American options: a duality approach},
  author={Haugh, Martin B and Kogan, Leonid},
  journal={Operations Research},
  volume={52},
  number={2},
  pages={258--270},
  year={2004},
  publisher={INFORMS}
}

@article{carriere1996valuation,
  title={Valuation of the early-exercise price for options using simulations and nonparametric regression},
  author={Carriere, Jacques F},
  journal={Insurance: mathematics and Economics},
  volume={19},
  number={1},
  pages={19--30},
  year={1996},
  publisher={Elsevier}
}

@article{longstaff2001valuing,
  title={Valuing American options by simulation: a simple least-squares approach},
  author={Longstaff, Francis A and Schwartz, Eduardo S},
  journal={The review of financial studies},
  volume={14},
  number={1},
  pages={113--147},
  year={2001},
  publisher={Oxford University Press}
}

@article{hamadene2007starting,
  title={On the starting and stopping problem: application in reversible investments},
  author={Hamad{\`e}ne, Said and Jeanblanc, Monique},
  journal={Mathematics of Operations Research},
  volume={32},
  number={1},
  pages={182--192},
  year={2007},
  publisher={INFORMS}
}

@article{hamadene2006starting,
  title={On the starting and stopping problem with Brownian and independant Poisson noise},
  author={Hamadene, S and Hdhiri, I},
  journal={Preprint Universit{\'e} du Maine, Le Mans},
  year={2006}
}

@article{zervos2003problem,
  title={A problem of sequential entry and exit decisions combined with discretionary stopping},
  author={Zervos, Mihail},
  journal={SIAM Journal on Control and Optimization},
  volume={42},
  number={2},
  pages={397--421},
  year={2003},
  publisher={SIAM}
}

@article{knudsen1998valuation,
  title={Valuation of investments in real assets with implications for the stock prices},
  author={Knudsen, Thomas S and Meister, Bernhard and Zervos, Mihail},
  journal={SIAM journal on control and optimization},
  volume={36},
  number={6},
  pages={2082--2102},
  year={1998},
  publisher={SIAM}
}

@article{brennan1985evaluating,
  title={Evaluating natural resource investments},
  author={Brennan, Michael J and Schwartz, Eduardo S},
  journal={Journal of business},
  pages={135--157},
  year={1985},
  publisher={JSTOR}
}

@book{camacho2013model,
  title={Model predictive control},
  author={Camacho, Eduardo F and Alba, Carlos Bordons},
  year={2013},
  publisher={Springer science \& business media}
}

@article{chua2018deep,
  title={Deep reinforcement learning in a handful of trials using probabilistic dynamics models},
  author={Chua, Kurtland and Calandra, Roberto and McAllister, Rowan and Levine, Sergey},
  journal={Advances in neural information processing systems},
  volume={31},
  year={2018}
}

@inproceedings{williams2017information,
  title={Information theoretic MPC for model-based reinforcement learning},
  author={Williams, Grady and Wagener, Nolan and Goldfain, Brian and Drews, Paul and Rehg, James M and Boots, Byron and Theodorou, Evangelos A},
  booktitle={2017 IEEE International Conference on Robotics and Automation (ICRA)},
  pages={1714--1721},
  year={2017},
  organization={IEEE}
}

@article{deisenroth2013gaussian,
  title={Gaussian processes for data-efficient learning in robotics and control},
  author={Deisenroth, Marc Peter and Fox, Dieter and Rasmussen, Carl Edward},
  journal={IEEE transactions on pattern analysis and machine intelligence},
  volume={37},
  number={2},
  pages={408--423},
  year={2013},
  publisher={IEEE}
}

@inproceedings{bellemare2017distributional,
  title={A distributional perspective on reinforcement learning},
  author={Bellemare, Marc G and Dabney, Will and Munos, R{\'e}mi},
  booktitle={International Conference on Machine Learning},
  pages={449--458},
  year={2017},
  organization={PMLR}
}

@inproceedings{castelletti2012tree,
  title={Tree-based fitted Q-iteration for multi-objective Markov decision problems},
  author={Castelletti, Andrea and Pianosi, Francesca and Restelli, Marcello},
  booktitle={The 2012 international joint conference on neural networks (IJCNN)},
  pages={1--8},
  year={2012},
  organization={IEEE}
}

@article{ernst2005tree,
  title={Tree-based batch mode reinforcement learning},
  author={Ernst, Damien and Geurts, Pierre and Wehenkel, Louis},
  journal={Journal of Machine Learning Research},
  volume={6},
  pages={503--556},
  year={2005},
  publisher={Microtome Publishing}
}

@article{fathan2021deep,
  title={Deep Reinforcement Learning for Optimal Stopping with Application in Financial Engineering},
  author={Fathan, Abderrahim and Delage, Erick},
  journal={arXiv preprint arXiv:2105.08877},
  year={2021}
}

@article{hu2020deep,
  title={Deep learning for ranking response surfaces with applications to optimal stopping problems},
  author={Hu, Ruimeng},
  journal={Quantitative Finance},
  volume={20},
  number={9},
  pages={1567--1581},
  year={2020},
  publisher={Taylor \& Francis}
}

@article{becker2021solving,
  title={Solving high-dimensional optimal stopping problems using deep learning},
  author={Becker, Sebastian and Cheridito, Patrick and Jentzen, Arnulf and Welti, Timo},
  journal={European Journal of Applied Mathematics},
  volume={32},
  number={3},
  pages={470--514},
  year={2021},
  publisher={Cambridge University Press}
}



@article{becker2019deep,
  title={Deep optimal stopping},
  author={Becker, Sebastian and Cheridito, Patrick and Jentzen, Arnulf},
  journal={Journal of Machine Learning Research},
  volume={20},
  pages={74},
  year={2019},
  publisher={MIT Press}
}

@article{lagoudakis2003least,
  title={Least-squares policy iteration},
  author={Lagoudakis, Michail G and Parr, Ronald},
  journal={The Journal of Machine Learning Research},
  volume={4},
  pages={1107--1149},
  year={2003},
  publisher={JMLR. org}
}

@article{kingma2014adam,
  title={Adam: A method for stochastic optimization},
  author={Kingma, Diederik P and Ba, Jimmy},
  journal={arXiv preprint arXiv:1412.6980},
  year={2014}
}

@article{martyr2016dynamic,
  title={Dynamic programming for discrete-time finite-horizon optimal switching problems with negative switching costs},
  author={Martyr, Randall},
  journal={Advances in Applied Probability},
  volume={48},
  number={3},
  pages={832--847},
  year={2016},
  publisher={Cambridge University Press}
}

@article{azizzadenesheli2018surprising,
  title={Surprising negative results for generative adversarial tree search},
  author={Azizzadenesheli, Kamyar and Yang, Brandon and Liu, Weitang and Lipton, Zachary C and Anandkumar, Animashree},
  journal={arXiv preprint arXiv:1806.05780},
  year={2018}
}

@article{gasse2021causal,
  title={Causal reinforcement learning using observational and interventional data},
  author={Gasse, Maxime and Grasset, Damien and Gaudron, Guillaume and Oudeyer, Pierre-Yves},
  journal={arXiv preprint arXiv:2106.14421},
  year={2021}
}

@article{djehiche2009finite,
  title={A finite horizon optimal multiple switching problem},
  author={Djehiche, Boualem and Hamadene, Said and Popier, Alexandre},
  journal={SIAM Journal on Control and Optimization},
  volume={48},
  number={4},
  pages={2751--2770},
  year={2009},
  publisher={SIAM}
}

@inproceedings{li2009learning,
  title={Learning exercise policies for american options},
  author={Li, Yuxi and Szepesvari, Csaba and Schuurmans, Dale},
  booktitle={Artificial Intelligence and Statistics},
  pages={352--359},
  year={2009},
  organization={PMLR}
}

@article{tsitsiklis2001regression,
  title={Regression methods for pricing complex American-style options},
  author={Tsitsiklis, John N and Van Roy, Benjamin},
  journal={IEEE Transactions on Neural Networks},
  volume={12},
  number={4},
  pages={694--703},
  year={2001},
  publisher={IEEE}
}

@article{ajdari2019towards,
  title={Towards optimal stopping in radiation therapy},
  author={Ajdari, Ali and Niyazi, Maximilian and Nicolay, Nils Henrik and Thieke, Christian and Jeraj, Robert and Bortfeld, Thomas},
  journal={Radiotherapy and Oncology},
  volume={134},
  pages={96--100},
  year={2019},
  publisher={Elsevier}
}

@book{peskir2006optimal,
  title={Optimal stopping and free-boundary problems},
  author={Peskir, Goran and Shiryaev, Albert},
  year={2006},
  publisher={Springer}
}

@inproceedings{dai2019bayesian,
  title={Bayesian optimization meets Bayesian optimal stopping},
  author={Dai, Zhongxiang and Yu, Haibin and Low, Bryan Kian Hsiang and Jaillet, Patrick},
  booktitle={International Conference on Machine Learning},
  pages={1496--1506},
  year={2019},
  organization={PMLR}
}

@inproceedings{liyanage2019automating,
  title={Automating the classification of urban issue reports: an optimal stopping approach},
  author={Liyanage, Yasitha Warahena and Zois, Daphney-Stavroula and Chelmis, Charalampos and Yao, Mengfan},
  booktitle={ICASSP 2019-2019 IEEE International Conference on Acoustics, Speech and Signal Processing (ICASSP)},
  pages={3137--3141},
  year={2019},
  organization={IEEE}
}